%YAML 1.1
%TAG !u! tag:unity3d.com,2011:
--- !u!29 &1
OcclusionCullingSettings:
  m_ObjectHideFlags: 0
  serializedVersion: 2
  m_OcclusionBakeSettings:
    smallestOccluder: 5
    smallestHole: 0.25
    backfaceThreshold: 100
  m_SceneGUID: 00000000000000000000000000000000
  m_OcclusionCullingData: {fileID: 0}
--- !u!104 &2
RenderSettings:
  m_ObjectHideFlags: 0
  serializedVersion: 8
  m_Fog: 0
  m_FogColor: {r: 0.5, g: 0.5, b: 0.5, a: 1}
  m_FogMode: 3
  m_FogDensity: 0.01
  m_LinearFogStart: 0
  m_LinearFogEnd: 300
  m_AmbientSkyColor: {r: 0.212, g: 0.227, b: 0.259, a: 1}
  m_AmbientEquatorColor: {r: 0.114, g: 0.125, b: 0.133, a: 1}
  m_AmbientGroundColor: {r: 0.047, g: 0.043, b: 0.035, a: 1}
  m_AmbientIntensity: 1
  m_AmbientMode: 0
  m_SubtractiveShadowColor: {r: 0.42, g: 0.478, b: 0.627, a: 1}
  m_SkyboxMaterial: {fileID: 10304, guid: 0000000000000000f000000000000000, type: 0}
  m_HaloStrength: 0.5
  m_FlareStrength: 1
  m_FlareFadeSpeed: 3
  m_HaloTexture: {fileID: 0}
  m_SpotCookie: {fileID: 10001, guid: 0000000000000000e000000000000000, type: 0}
  m_DefaultReflectionMode: 0
  m_DefaultReflectionResolution: 128
  m_ReflectionBounces: 1
  m_ReflectionIntensity: 1
  m_CustomReflection: {fileID: 0}
  m_Sun: {fileID: 0}
  m_IndirectSpecularColor: {r: 0, g: 0, b: 0, a: 1}
--- !u!157 &3
LightmapSettings:
  m_ObjectHideFlags: 0
  serializedVersion: 9
  m_GIWorkflowMode: 1
  m_GISettings:
    serializedVersion: 2
    m_BounceScale: 1
    m_IndirectOutputScale: 1
    m_AlbedoBoost: 1
    m_TemporalCoherenceThreshold: 1
    m_EnvironmentLightingMode: 0
    m_EnableBakedLightmaps: 0
    m_EnableRealtimeLightmaps: 0
  m_LightmapEditorSettings:
    serializedVersion: 8
    m_Resolution: 2
    m_BakeResolution: 40
    m_TextureWidth: 1024
    m_TextureHeight: 1024
    m_AO: 0
    m_AOMaxDistance: 1
    m_CompAOExponent: 1
    m_CompAOExponentDirect: 0
    m_Padding: 2
    m_LightmapParameters: {fileID: 0}
    m_LightmapsBakeMode: 1
    m_TextureCompression: 1
    m_FinalGather: 0
    m_FinalGatherFiltering: 1
    m_FinalGatherRayCount: 256
    m_ReflectionCompression: 2
    m_MixedBakeMode: 3
    m_BakeBackend: 0
    m_PVRSampling: 1
    m_PVRDirectSampleCount: 32
    m_PVRSampleCount: 500
    m_PVRBounces: 2
    m_PVRFiltering: 0
    m_PVRFilteringMode: 1
    m_PVRCulling: 1
    m_PVRFilteringGaussRadiusDirect: 1
    m_PVRFilteringGaussRadiusIndirect: 5
    m_PVRFilteringGaussRadiusAO: 2
    m_PVRFilteringAtrousColorSigma: 1
    m_PVRFilteringAtrousNormalSigma: 1
    m_PVRFilteringAtrousPositionSigma: 1
  m_LightingDataAsset: {fileID: 0}
  m_ShadowMaskMode: 2
--- !u!196 &4
NavMeshSettings:
  serializedVersion: 2
  m_ObjectHideFlags: 0
  m_BuildSettings:
    serializedVersion: 2
    agentTypeID: 0
    agentRadius: 0.5
    agentHeight: 2
    agentSlope: 45
    agentClimb: 0.4
    ledgeDropHeight: 0
    maxJumpAcrossDistance: 0
    minRegionArea: 2
    manualCellSize: 0
    cellSize: 0.16666667
    manualTileSize: 0
    tileSize: 256
    accuratePlacement: 0
  m_NavMeshData: {fileID: 0}
--- !u!1 &724512868
GameObject:
  m_ObjectHideFlags: 0
  m_PrefabParentObject: {fileID: 0}
  m_PrefabInternal: {fileID: 0}
  serializedVersion: 5
  m_Component:
  - component: {fileID: 724512871}
  - component: {fileID: 724512870}
  - component: {fileID: 724512869}
  m_Layer: 0
  m_Name: EventSystem
  m_TagString: Untagged
  m_Icon: {fileID: 0}
  m_NavMeshLayer: 0
  m_StaticEditorFlags: 0
  m_IsActive: 1
--- !u!114 &724512869
MonoBehaviour:
  m_ObjectHideFlags: 0
  m_PrefabParentObject: {fileID: 0}
  m_PrefabInternal: {fileID: 0}
  m_GameObject: {fileID: 724512868}
  m_Enabled: 1
  m_EditorHideFlags: 0
  m_Script: {fileID: 1077351063, guid: f70555f144d8491a825f0804e09c671c, type: 3}
  m_Name: 
  m_EditorClassIdentifier: 
  m_HorizontalAxis: Horizontal
  m_VerticalAxis: Vertical
  m_SubmitButton: Submit
  m_CancelButton: Cancel
  m_InputActionsPerSecond: 10
  m_RepeatDelay: 0.5
  m_ForceModuleActive: 0
--- !u!114 &724512870
MonoBehaviour:
  m_ObjectHideFlags: 0
  m_PrefabParentObject: {fileID: 0}
  m_PrefabInternal: {fileID: 0}
  m_GameObject: {fileID: 724512868}
  m_Enabled: 1
  m_EditorHideFlags: 0
  m_Script: {fileID: -619905303, guid: f70555f144d8491a825f0804e09c671c, type: 3}
  m_Name: 
  m_EditorClassIdentifier: 
  m_FirstSelected: {fileID: 0}
  m_sendNavigationEvents: 1
  m_DragThreshold: 5
--- !u!4 &724512871
Transform:
  m_ObjectHideFlags: 0
  m_PrefabParentObject: {fileID: 0}
  m_PrefabInternal: {fileID: 0}
  m_GameObject: {fileID: 724512868}
  m_LocalRotation: {x: 0, y: 0, z: 0, w: 1}
  m_LocalPosition: {x: 0, y: 0, z: 0}
  m_LocalScale: {x: 1, y: 1, z: 1}
  m_Children: []
  m_Father: {fileID: 0}
  m_RootOrder: 3
  m_LocalEulerAnglesHint: {x: 0, y: 0, z: 0}
--- !u!1001 &739613493
Prefab:
  m_ObjectHideFlags: 0
  serializedVersion: 2
  m_Modification:
    m_TransformParent: {fileID: 0}
    m_Modifications:
    - target: {fileID: 498420, guid: 5a12218ea7e5b7a4e8b89d25e07d237d, type: 2}
      propertyPath: m_LocalPosition.x
      value: 0
      objectReference: {fileID: 0}
    - target: {fileID: 498420, guid: 5a12218ea7e5b7a4e8b89d25e07d237d, type: 2}
      propertyPath: m_LocalPosition.y
      value: 0
      objectReference: {fileID: 0}
    - target: {fileID: 498420, guid: 5a12218ea7e5b7a4e8b89d25e07d237d, type: 2}
      propertyPath: m_LocalPosition.z
      value: 0
      objectReference: {fileID: 0}
    - target: {fileID: 498420, guid: 5a12218ea7e5b7a4e8b89d25e07d237d, type: 2}
      propertyPath: m_LocalRotation.x
      value: 0
      objectReference: {fileID: 0}
    - target: {fileID: 498420, guid: 5a12218ea7e5b7a4e8b89d25e07d237d, type: 2}
      propertyPath: m_LocalRotation.y
      value: 0
      objectReference: {fileID: 0}
    - target: {fileID: 498420, guid: 5a12218ea7e5b7a4e8b89d25e07d237d, type: 2}
      propertyPath: m_LocalRotation.z
      value: 0
      objectReference: {fileID: 0}
    - target: {fileID: 498420, guid: 5a12218ea7e5b7a4e8b89d25e07d237d, type: 2}
      propertyPath: m_LocalRotation.w
      value: 1
      objectReference: {fileID: 0}
    - target: {fileID: 498420, guid: 5a12218ea7e5b7a4e8b89d25e07d237d, type: 2}
      propertyPath: m_RootOrder
      value: 2
      objectReference: {fileID: 0}
    - target: {fileID: 11498420, guid: 5a12218ea7e5b7a4e8b89d25e07d237d, type: 2}
      propertyPath: m_VideoPath
      value: VR_Sequence_360.mp4
      objectReference: {fileID: 0}
    - target: {fileID: 427526, guid: 5a12218ea7e5b7a4e8b89d25e07d237d, type: 2}
      propertyPath: m_LocalRotation.y
      value: 1
      objectReference: {fileID: 0}
    - target: {fileID: 427526, guid: 5a12218ea7e5b7a4e8b89d25e07d237d, type: 2}
      propertyPath: m_LocalRotation.w
      value: -0.00000004371139
      objectReference: {fileID: 0}
    - target: {fileID: 11404242, guid: 5a12218ea7e5b7a4e8b89d25e07d237d, type: 2}
      propertyPath: _camera
      value: 
      objectReference: {fileID: 0}
    - target: {fileID: 127526, guid: 5a12218ea7e5b7a4e8b89d25e07d237d, type: 2}
      propertyPath: m_IsActive
      value: 0
      objectReference: {fileID: 0}
    - target: {fileID: 11498420, guid: 5a12218ea7e5b7a4e8b89d25e07d237d, type: 2}
      propertyPath: m_VideoLocation
      value: 2
      objectReference: {fileID: 0}
    - target: {fileID: 11498420, guid: 5a12218ea7e5b7a4e8b89d25e07d237d, type: 2}
      propertyPath: m_StereoPacking
      value: 1
      objectReference: {fileID: 0}
    - target: {fileID: 198420, guid: 5a12218ea7e5b7a4e8b89d25e07d237d, type: 2}
      propertyPath: m_IsActive
      value: 0
      objectReference: {fileID: 0}
    m_RemovedComponents: []
  m_ParentPrefab: {fileID: 100100000, guid: 5a12218ea7e5b7a4e8b89d25e07d237d, type: 2}
  m_IsPrefabParent: 0
--- !u!1001 &985172954
Prefab:
  m_ObjectHideFlags: 0
  serializedVersion: 2
  m_Modification:
    m_TransformParent: {fileID: 1696177502}
    m_Modifications:
    - target: {fileID: 400000, guid: 951e0889a637b1c49a1237f8a069100b, type: 3}
      propertyPath: m_LocalPosition.x
      value: 0
      objectReference: {fileID: 0}
    - target: {fileID: 400000, guid: 951e0889a637b1c49a1237f8a069100b, type: 3}
      propertyPath: m_LocalPosition.y
      value: 0
      objectReference: {fileID: 0}
    - target: {fileID: 400000, guid: 951e0889a637b1c49a1237f8a069100b, type: 3}
      propertyPath: m_LocalPosition.z
      value: 0
      objectReference: {fileID: 0}
    - target: {fileID: 400000, guid: 951e0889a637b1c49a1237f8a069100b, type: 3}
      propertyPath: m_LocalRotation.x
      value: -0
      objectReference: {fileID: 0}
    - target: {fileID: 400000, guid: 951e0889a637b1c49a1237f8a069100b, type: 3}
      propertyPath: m_LocalRotation.y
      value: -0
      objectReference: {fileID: 0}
    - target: {fileID: 400000, guid: 951e0889a637b1c49a1237f8a069100b, type: 3}
      propertyPath: m_LocalRotation.z
      value: -0
      objectReference: {fileID: 0}
    - target: {fileID: 400000, guid: 951e0889a637b1c49a1237f8a069100b, type: 3}
      propertyPath: m_LocalRotation.w
      value: 1
      objectReference: {fileID: 0}
    - target: {fileID: 400000, guid: 951e0889a637b1c49a1237f8a069100b, type: 3}
      propertyPath: m_RootOrder
      value: 2
      objectReference: {fileID: 0}
    - target: {fileID: 400000, guid: 951e0889a637b1c49a1237f8a069100b, type: 3}
      propertyPath: m_LocalScale.x
      value: 200
      objectReference: {fileID: 0}
    - target: {fileID: 400000, guid: 951e0889a637b1c49a1237f8a069100b, type: 3}
      propertyPath: m_LocalScale.y
      value: 200
      objectReference: {fileID: 0}
    - target: {fileID: 400000, guid: 951e0889a637b1c49a1237f8a069100b, type: 3}
      propertyPath: m_LocalScale.z
      value: 200
      objectReference: {fileID: 0}
    - target: {fileID: 2300000, guid: 951e0889a637b1c49a1237f8a069100b, type: 3}
      propertyPath: m_Materials.Array.data[0]
      value: 
      objectReference: {fileID: 2100000, guid: a3e9c835697366e44b29531586636a95, type: 2}
    - target: {fileID: 100000, guid: 951e0889a637b1c49a1237f8a069100b, type: 3}
      propertyPath: m_Name
      value: Background
      objectReference: {fileID: 0}
    - target: {fileID: 100000, guid: 951e0889a637b1c49a1237f8a069100b, type: 3}
      propertyPath: m_IsActive
      value: 1
      objectReference: {fileID: 0}
    - target: {fileID: 2300000, guid: 951e0889a637b1c49a1237f8a069100b, type: 3}
      propertyPath: m_CastShadows
      value: 0
      objectReference: {fileID: 0}
    - target: {fileID: 2300000, guid: 951e0889a637b1c49a1237f8a069100b, type: 3}
      propertyPath: m_ReceiveShadows
      value: 0
      objectReference: {fileID: 0}
    m_RemovedComponents:
    - {fileID: 9500000, guid: 951e0889a637b1c49a1237f8a069100b, type: 3}
  m_ParentPrefab: {fileID: 100100000, guid: 951e0889a637b1c49a1237f8a069100b, type: 3}
  m_IsPrefabParent: 0
--- !u!1 &1178738465
GameObject:
  m_ObjectHideFlags: 0
  m_PrefabParentObject: {fileID: 0}
  m_PrefabInternal: {fileID: 0}
  serializedVersion: 5
  m_Component:
  - component: {fileID: 1178738466}
  - component: {fileID: 1178738467}
  m_Layer: 0
  m_Name: Directional light
  m_TagString: Untagged
  m_Icon: {fileID: 0}
  m_NavMeshLayer: 0
  m_StaticEditorFlags: 0
  m_IsActive: 1
--- !u!4 &1178738466
Transform:
  m_ObjectHideFlags: 0
  m_PrefabParentObject: {fileID: 0}
  m_PrefabInternal: {fileID: 0}
  m_GameObject: {fileID: 1178738465}
  m_LocalRotation: {x: 0.3889339, y: 0.71545565, z: -0.54756635, w: 0.19241823}
  m_LocalPosition: {x: 70.00754, y: 112.43343, z: 1122.1238}
  m_LocalScale: {x: 1, y: 1, z: 1}
  m_Children: []
  m_Father: {fileID: 0}
  m_RootOrder: 1
  m_LocalEulerAnglesHint: {x: 0, y: 0, z: 0}
--- !u!108 &1178738467
Light:
  m_ObjectHideFlags: 0
  m_PrefabParentObject: {fileID: 0}
  m_PrefabInternal: {fileID: 0}
  m_GameObject: {fileID: 1178738465}
  m_Enabled: 1
  serializedVersion: 8
  m_Type: 1
  m_Color: {r: 1, g: 1, b: 1, a: 1}
  m_Intensity: 1
  m_Range: 10
  m_SpotAngle: 30
  m_CookieSize: 10
  m_Shadows:
    m_Type: 0
    m_Resolution: -1
    m_CustomResolution: -1
    m_Strength: 0.808
    m_Bias: 0.05
    m_NormalBias: 0.4
    m_NearPlane: 0.2
  m_Cookie: {fileID: 0}
  m_DrawHalo: 0
  m_Flare: {fileID: 0}
  m_RenderMode: 0
  m_CullingMask:
    serializedVersion: 2
    m_Bits: 4294967295
  m_Lightmapping: 4
  m_AreaSize: {x: 1, y: 1}
  m_BounceIntensity: 1
  m_ColorTemperature: 6570
  m_UseColorTemperature: 0
  m_ShadowRadius: 0
  m_ShadowAngle: 0
--- !u!1001 &1310819053
Prefab:
  m_ObjectHideFlags: 0
  serializedVersion: 2
  m_Modification:
    m_TransformParent: {fileID: 0}
    m_Modifications:
    - target: {fileID: 4150963723033100, guid: e557c59bcff692a42a79666aa3913a89, type: 2}
      propertyPath: m_LocalPosition.x
      value: 0
      objectReference: {fileID: 0}
    - target: {fileID: 4150963723033100, guid: e557c59bcff692a42a79666aa3913a89, type: 2}
      propertyPath: m_LocalPosition.y
      value: 0
      objectReference: {fileID: 0}
    - target: {fileID: 4150963723033100, guid: e557c59bcff692a42a79666aa3913a89, type: 2}
      propertyPath: m_LocalPosition.z
      value: 0
      objectReference: {fileID: 0}
    - target: {fileID: 4150963723033100, guid: e557c59bcff692a42a79666aa3913a89, type: 2}
      propertyPath: m_LocalRotation.x
      value: 0
      objectReference: {fileID: 0}
    - target: {fileID: 4150963723033100, guid: e557c59bcff692a42a79666aa3913a89, type: 2}
      propertyPath: m_LocalRotation.y
      value: 0
      objectReference: {fileID: 0}
    - target: {fileID: 4150963723033100, guid: e557c59bcff692a42a79666aa3913a89, type: 2}
      propertyPath: m_LocalRotation.z
      value: 0
      objectReference: {fileID: 0}
    - target: {fileID: 4150963723033100, guid: e557c59bcff692a42a79666aa3913a89, type: 2}
      propertyPath: m_LocalRotation.w
      value: 1
      objectReference: {fileID: 0}
    - target: {fileID: 4150963723033100, guid: e557c59bcff692a42a79666aa3913a89, type: 2}
      propertyPath: m_RootOrder
      value: 5
      objectReference: {fileID: 0}
    m_RemovedComponents: []
  m_ParentPrefab: {fileID: 100100000, guid: e557c59bcff692a42a79666aa3913a89, type: 2}
  m_IsPrefabParent: 0
--- !u!1 &1451096371
GameObject:
  m_ObjectHideFlags: 0
  m_PrefabParentObject: {fileID: 100004, guid: 9d4133d5d30b644bd87802a347eaccbe, type: 2}
  m_PrefabInternal: {fileID: 0}
  serializedVersion: 5
  m_Component:
  - component: {fileID: 1451096372}
  - component: {fileID: 1451096373}
  - component: {fileID: 1451096375}
  - component: {fileID: 1451096376}
  - component: {fileID: 1451096374}
  m_Layer: 0
  m_Name: Main Camera
  m_TagString: MainCamera
  m_Icon: {fileID: 0}
  m_NavMeshLayer: 0
  m_StaticEditorFlags: 0
  m_IsActive: 1
--- !u!4 &1451096372
Transform:
  m_ObjectHideFlags: 0
  m_PrefabParentObject: {fileID: 400004, guid: 9d4133d5d30b644bd87802a347eaccbe, type: 2}
  m_PrefabInternal: {fileID: 0}
  m_GameObject: {fileID: 1451096371}
  m_LocalRotation: {x: 0.092235446, y: 0.053847983, z: 0.004995328, w: -0.99426764}
  m_LocalPosition: {x: 0, y: 0, z: 0}
  m_LocalScale: {x: 1, y: 1, z: 1}
  m_Children: []
  m_Father: {fileID: 0}
  m_RootOrder: 0
  m_LocalEulerAnglesHint: {x: -10.6, y: 353.8, z: 0}
--- !u!20 &1451096373
Camera:
  m_ObjectHideFlags: 0
  m_PrefabParentObject: {fileID: 2000000, guid: 9d4133d5d30b644bd87802a347eaccbe,
    type: 2}
  m_PrefabInternal: {fileID: 0}
  m_GameObject: {fileID: 1451096371}
  m_Enabled: 1
  serializedVersion: 2
  m_ClearFlags: 2
  m_BackGroundColor: {r: 0.19166474, g: 0.30196637, b: 0.4745098, a: 1}
  m_NormalizedViewPortRect:
    serializedVersion: 2
    x: 0
    y: 0
    width: 1
    height: 1
  near clip plane: 0.3
  far clip plane: 1000
  field of view: 60
  orthographic: 0
  orthographic size: 100
  m_Depth: 0
  m_CullingMask:
    serializedVersion: 2
    m_Bits: 4294967295
  m_RenderingPath: 1
  m_TargetTexture: {fileID: 0}
  m_TargetDisplay: 0
  m_TargetEye: 3
  m_HDR: 1
  m_AllowMSAA: 1
  m_ForceIntoRT: 0
  m_OcclusionCulling: 1
  m_StereoConvergence: 10
  m_StereoSeparation: 0.022
  m_StereoMirrorMode: 0
--- !u!81 &1451096374
AudioListener:
  m_ObjectHideFlags: 0
  m_PrefabParentObject: {fileID: 8100000, guid: 9d4133d5d30b644bd87802a347eaccbe,
    type: 2}
  m_PrefabInternal: {fileID: 0}
  m_GameObject: {fileID: 1451096371}
  m_Enabled: 1
--- !u!92 &1451096375
Behaviour:
  m_ObjectHideFlags: 0
  m_PrefabParentObject: {fileID: 9200000, guid: 9d4133d5d30b644bd87802a347eaccbe,
    type: 2}
  m_PrefabInternal: {fileID: 0}
  m_GameObject: {fileID: 1451096371}
  m_Enabled: 1
--- !u!124 &1451096376
Behaviour:
  m_ObjectHideFlags: 0
  m_PrefabParentObject: {fileID: 12400000, guid: 9d4133d5d30b644bd87802a347eaccbe,
    type: 2}
  m_PrefabInternal: {fileID: 0}
  m_GameObject: {fileID: 1451096371}
  m_Enabled: 1
--- !u!1001 &1466562848
Prefab:
  m_ObjectHideFlags: 0
  serializedVersion: 2
  m_Modification:
    m_TransformParent: {fileID: 0}
    m_Modifications:
    - target: {fileID: 400000, guid: 951e0889a637b1c49a1237f8a069100b, type: 3}
      propertyPath: m_LocalPosition.x
      value: 0
      objectReference: {fileID: 0}
    - target: {fileID: 400000, guid: 951e0889a637b1c49a1237f8a069100b, type: 3}
      propertyPath: m_LocalPosition.y
      value: 0
      objectReference: {fileID: 0}
    - target: {fileID: 400000, guid: 951e0889a637b1c49a1237f8a069100b, type: 3}
      propertyPath: m_LocalPosition.z
      value: 0
      objectReference: {fileID: 0}
    - target: {fileID: 400000, guid: 951e0889a637b1c49a1237f8a069100b, type: 3}
      propertyPath: m_LocalRotation.x
      value: -0
      objectReference: {fileID: 0}
    - target: {fileID: 400000, guid: 951e0889a637b1c49a1237f8a069100b, type: 3}
      propertyPath: m_LocalRotation.y
      value: -0.7071068
      objectReference: {fileID: 0}
    - target: {fileID: 400000, guid: 951e0889a637b1c49a1237f8a069100b, type: 3}
      propertyPath: m_LocalRotation.z
      value: 0
      objectReference: {fileID: 0}
    - target: {fileID: 400000, guid: 951e0889a637b1c49a1237f8a069100b, type: 3}
      propertyPath: m_LocalRotation.w
      value: -0.7071068
      objectReference: {fileID: 0}
    - target: {fileID: 400000, guid: 951e0889a637b1c49a1237f8a069100b, type: 3}
      propertyPath: m_RootOrder
      value: 4
      objectReference: {fileID: 0}
    - target: {fileID: 400000, guid: 951e0889a637b1c49a1237f8a069100b, type: 3}
      propertyPath: m_LocalScale.x
      value: -200
      objectReference: {fileID: 0}
    - target: {fileID: 400000, guid: 951e0889a637b1c49a1237f8a069100b, type: 3}
      propertyPath: m_LocalScale.y
      value: 200
      objectReference: {fileID: 0}
    - target: {fileID: 400000, guid: 951e0889a637b1c49a1237f8a069100b, type: 3}
      propertyPath: m_LocalScale.z
      value: 200
      objectReference: {fileID: 0}
    - target: {fileID: 2300000, guid: 951e0889a637b1c49a1237f8a069100b, type: 3}
      propertyPath: m_Materials.Array.data[0]
      value: 
      objectReference: {fileID: 2100000, guid: 22b2677a7832be44ba2722fea445ba6d, type: 2}
    - target: {fileID: 100000, guid: 951e0889a637b1c49a1237f8a069100b, type: 3}
      propertyPath: m_Name
      value: Background_screenshot
      objectReference: {fileID: 0}
    - target: {fileID: 100000, guid: 951e0889a637b1c49a1237f8a069100b, type: 3}
      propertyPath: m_IsActive
      value: 0
      objectReference: {fileID: 0}
    - target: {fileID: 400000, guid: 951e0889a637b1c49a1237f8a069100b, type: 3}
      propertyPath: m_LocalEulerAnglesHint.y
      value: -270
      objectReference: {fileID: 0}
    - target: {fileID: 2300000, guid: 951e0889a637b1c49a1237f8a069100b, type: 3}
      propertyPath: m_ReceiveShadows
      value: 0
      objectReference: {fileID: 0}
    - target: {fileID: 2300000, guid: 951e0889a637b1c49a1237f8a069100b, type: 3}
      propertyPath: m_CastShadows
      value: 0
      objectReference: {fileID: 0}
    m_RemovedComponents:
    - {fileID: 9500000, guid: 951e0889a637b1c49a1237f8a069100b, type: 3}
  m_ParentPrefab: {fileID: 100100000, guid: 951e0889a637b1c49a1237f8a069100b, type: 3}
  m_IsPrefabParent: 0
--- !u!114 &1534796029 stripped
MonoBehaviour:
  m_PrefabParentObject: {fileID: 11498420, guid: 5a12218ea7e5b7a4e8b89d25e07d237d,
    type: 2}
  m_PrefabInternal: {fileID: 739613493}
  m_Script: {fileID: 11500000, guid: 638c870cac4da414fba921606d504407, type: 3}
--- !u!4 &1696177502 stripped
Transform:
  m_PrefabParentObject: {fileID: 498420, guid: 5a12218ea7e5b7a4e8b89d25e07d237d, type: 2}
  m_PrefabInternal: {fileID: 739613493}
--- !u!1 &1700648841 stripped
GameObject:
  m_PrefabParentObject: {fileID: 100000, guid: 951e0889a637b1c49a1237f8a069100b, type: 3}
  m_PrefabInternal: {fileID: 985172954}
--- !u!114 &1700648843
MonoBehaviour:
  m_ObjectHideFlags: 0
  m_PrefabParentObject: {fileID: 0}
  m_PrefabInternal: {fileID: 0}
  m_GameObject: {fileID: 1700648841}
  m_Enabled: 1
  m_EditorHideFlags: 0
  m_Script: {fileID: 11500000, guid: f6d1977a52888584496b1acc7e998011, type: 3}
  m_Name: 
  m_EditorClassIdentifier: 
  _offset: {x: 0, y: 0}
  _scale: {x: 1, y: 1}
  _mesh: {fileID: 1700648845}
  _media: {fileID: 1534796029}
  _defaultTexture: {fileID: 0}
--- !u!114 &1700648844
MonoBehaviour:
  m_ObjectHideFlags: 0
  m_PrefabParentObject: {fileID: 0}
  m_PrefabInternal: {fileID: 0}
  m_GameObject: {fileID: 1700648841}
  m_Enabled: 1
  m_EditorHideFlags: 0
  m_Script: {fileID: 11500000, guid: 4ed685e8c5f1f584aa28b32dcf9bdab1, type: 3}
  m_Name: 
  m_EditorClassIdentifier: 
  _camera: {fileID: 0}
  _renderer: {fileID: 0}
--- !u!23 &1700648845 stripped
MeshRenderer:
  m_PrefabParentObject: {fileID: 2300000, guid: 951e0889a637b1c49a1237f8a069100b,
    type: 3}
  m_PrefabInternal: {fileID: 985172954}
